@ARTICLE{cargile2019,
       author = {{Cargile}, Phillip A. and {Conroy}, Charlie and {Johnson}, Benjamin D. and
         {Ting}, Yuan-Sen and {Bonaca}, Ana and {Dotter}, Aaron},
        title = "{MINESweeper: Spectrophotometric Modeling of Stars in the Gaia Era}",
      journal = {arXiv e-prints},
     keywords = {Astrophysics - Solar and Stellar Astrophysics, Astrophysics - Astrophysics of Galaxies},
         year = "2019",
        month = "Jul",
          eid = {arXiv:1907.07690},
        pages = {arXiv:1907.07690},
archivePrefix = {arXiv},
       eprint = {1907.07690},
 primaryClass = {astro-ph.SR},
       adsurl = {https://ui.adsabs.harvard.edu/abs/2019arXiv190707690C},
      adsnote = {Provided by the SAO/NASA Astrophysics Data System}
} 

@ARTICLE{szentgyorgyi2011,
       author = {{Szentgyorgyi}, Andrew and {Furesz}, Gabor and {Cheimets}, Peter and
         {Conroy}, Maureen and {Eng}, Roger and {Fabricant}, Daniel and
         {Fata}, Robert and {Gauron}, Thomas and {Geary}, John and
         {McLeod}, Brian and {Zajac}, Joseph and {Amato}, Stephen and
         {Bergner}, Henry and {Caldwell}, Nelson and {Dupree}, Andrea and
         {Goddard}, Richard and {Johnston}, Everett and {Meibom}, Soeren and
         {Mink}, Douglas and {Pieri}, Mario and {Roll}, John and
         {Tokarz}, Susan and {Wyatt}, William and {Epps}, Harland and
         {Hartmann}, Lee and {Meszaros}, Szabolcz},
        title = "{Hectochelle: A Multiobject Optical Echelle Spectrograph for the MMT}",
      journal = {\pasp},
         year = "2011",
        month = "Oct",
       volume = {123},
       number = {908},
        pages = {1188},
          doi = {10.1086/662209},
       adsurl = {https://ui.adsabs.harvard.edu/abs/2011PASP..123.1188S},
      adsnote = {Provided by the SAO/NASA Astrophysics Data System}
}

@ARTICLE{pwb,
       author = {{Price-Whelan}, Adrian M. and {Bonaca}, Ana},
        title = "{Off the Beaten Path: Gaia Reveals GD-1 Stars outside of the Main Stream}",
      journal = {\apj},
     keywords = {dark matter, Galaxy: halo, Galaxy: kinematics and dynamics, Astrophysics
        - Astrophysics of Galaxies},
         year = 2018,
        month = Aug,
       volume = {863},
          eid = {L20},
        pages = {L20},
          doi = {10.3847/2041-8213/aad7b5},
 primaryClass = {astro-ph.GA},
       adsurl = {https://ui.adsabs.harvard.edu/#abs/2018ApJ...863L..20P},
      adsnote = {Provided by the SAO/NASA Astrophysics Data System}
}

@ARTICLE{gdr2,
   author = {{Gaia Collaboration} and {Brown}, A.~G.~A. and {Vallenari}, A. and
	{Prusti}, T. and {de Bruijne}, J.~H.~J. and {Babusiaux}, C. and
	{Bailer-Jones}, C.~A.~L. and {Biermann}, M. and {Evans}, D.~W. and
	{Eyer}, L. and et al.},
    title = "{Gaia Data Release 2. Summary of the contents and survey properties}",
  journal = {\aap},
archivePrefix = "arXiv",
   eprint = {1804.09365},
 keywords = {catalogs, astrometry, techniques: radial velocities, stars: fundamental parameters, stars: variables: general, minor planets, asteroids: general},
     year = 2018,
    month = aug,
   volume = 616,
      eid = {A1},
    pages = {A1},
      doi = {10.1051/0004-6361/201833051},
   adsurl = {http://adsabs.harvard.edu/abs/2018A%26A...616A...1G},
  adsnote = {Provided by the SAO/NASA Astrophysics Data System}
}

@ARTICLE{ps1,
       author = {{Chambers}, K.~C. and {Magnier}, E.~A. and {Metcalfe}, N. and
         {Flewelling}, H.~A. and {Huber}, M.~E. and {Waters}, C.~Z. and
         {Denneau}, L. and {Draper}, P.~W. and {Farrow}, D. and
         {Finkbeiner}, D.~P. and {Holmberg}, C. and {Koppenhoefer}, J. and
         {Price}, P.~A. and {Rest}, A. and {Saglia}, R.~P. and
         {Schlafly}, E.~F. and {Smartt}, S.~J. and {Sweeney}, W. and
         {Wainscoat}, R.~J. and {Burgett}, W.~S. and {Chastel}, S. and
         {Grav}, T. and {Heasley}, J.~N. and {Hodapp}, K.~W. and {Jedicke}, R. and
         {Kaiser}, N. and {Kudritzki}, R. -P. and {Luppino}, G.~A. and
         {Lupton}, R.~H. and {Monet}, D.~G. and {Morgan}, J.~S. and
         {Onaka}, P.~M. and {Shiao}, B. and {Stubbs}, C.~W. and {Tonry}, J.~L. and
         {White}, R. and {Ba{\~n}ados}, E. and {Bell}, E.~F. and {Bender}, R. and
         {Bernard}, E.~J. and {Boegner}, M. and {Boffi}, F. and
         {Botticella}, M.~T. and {Calamida}, A. and {Casertano}, S. and
         {Chen}, W. -P. and {Chen}, X. and {Cole}, S. and {Deacon}, N. and
         {Frenk}, C. and {Fitzsimmons}, A. and {Gezari}, S. and {Gibbs}, V. and
         {Goessl}, C. and {Goggia}, T. and {Gourgue}, R. and {Goldman}, B. and
         {Grant}, P. and {Grebel}, E.~K. and {Hambly}, N.~C. and {Hasinger}, G. and
         {Heavens}, A.~F. and {Heckman}, T.~M. and {Henderson}, R. and
         {Henning}, T. and {Holman}, M. and {Hopp}, U. and {Ip}, W. -H. and
         {Isani}, S. and {Jackson}, M. and {Keyes}, C.~D. and
         {Koekemoer}, A.~M. and {Kotak}, R. and {Le}, D. and {Liska}, D. and
         {Long}, K.~S. and {Lucey}, J.~R. and {Liu}, M. and {Martin}, N.~F. and
         {Masci}, G. and {McLean}, B. and {Mindel}, E. and {Misra}, P. and
         {Morganson}, E. and {Murphy}, D.~N.~A. and {Obaika}, A. and
         {Narayan}, G. and {Nieto-Santisteban}, M.~A. and {Norberg}, P. and
         {Peacock}, J.~A. and {Pier}, E.~A. and {Postman}, M. and {Primak}, N. and
         {Rae}, C. and {Rai}, A. and {Riess}, A. and {Riffeser}, A. and
         {Rix}, H.~W. and {R{\"o}ser}, S. and {Russel}, R. and {Rutz}, L. and
         {Schilbach}, E. and {Schultz}, A.~S.~B. and {Scolnic}, D. and
         {Strolger}, L. and {Szalay}, A. and {Seitz}, S. and {Small}, E. and
         {Smith}, K.~W. and {Soderblom}, D.~R. and {Taylor}, P. and
         {Thomson}, R. and {Taylor}, A.~N. and {Thakar}, A.~R. and {Thiel}, J. and
         {Thilker}, D. and {Unger}, D. and {Urata}, Y. and {Valenti}, J. and
         {Wagner}, J. and {Walder}, T. and {Walter}, F. and {Watters}, S.~P. and
         {Werner}, S. and {Wood-Vasey}, W.~M. and {Wyse}, R.},
        title = "{The Pan-STARRS1 Surveys}",
      journal = {arXiv e-prints},
     keywords = {Astrophysics - Instrumentation and Methods for Astrophysics, Astrophysics - Earth and Planetary Astrophysics, Astrophysics - Astrophysics of Galaxies, Astrophysics - Solar and Stellar Astrophysics},
         year = "2016",
        month = "Dec",
          eid = {arXiv:1612.05560},
        pages = {arXiv:1612.05560},
archivePrefix = {arXiv},
       eprint = {1612.05560},
 primaryClass = {astro-ph.IM},
       adsurl = {https://ui.adsabs.harvard.edu/abs/2016arXiv161205560C},
      adsnote = {Provided by the SAO/NASA Astrophysics Data System}
}

@ARTICLE{sfd,
       author = {{Schlegel}, David J. and {Finkbeiner}, Douglas P. and {Davis}, Marc},
        title = "{Maps of Dust Infrared Emission for Use in Estimation of Reddening and Cosmic Microwave Background Radiation Foregrounds}",
      journal = {\apj},
     keywords = {COSMOLOGY: DIFFUSE RADIATION, COSMOLOGY: COSMIC MICROWAVE BACKGROUND, ISM: DUST, EXTINCTION, INTERPLANETARY MEDIUM, INFRARED: ISM: CONTINUUM, Cosmology: Cosmic Microwave Background, Cosmology: Diffuse Radiation, ISM: Dust, Extinction, Infrared: ISM: Continuum, Interplanetary Medium, Astrophysics},
         year = "1998",
        month = "Jun",
       volume = {500},
       number = {2},
        pages = {525-553},
          doi = {10.1086/305772},
archivePrefix = {arXiv},
       eprint = {astro-ph/9710327},
 primaryClass = {astro-ph},
       adsurl = {https://ui.adsabs.harvard.edu/abs/1998ApJ...500..525S},
      adsnote = {Provided by the SAO/NASA Astrophysics Data System}
}

@article{koposov2010,
	Adsnote = {Provided by the SAO/NASA Astrophysics Data System},
	Adsurl = {https://ui.adsabs.harvard.edu/#abs/2010ApJ...712..260K},
	Author = {{Koposov}, Sergey E. and {Rix}, Hans-Walter and {Hogg}, David W.},
	Doi = {10.1088/0004-637X/712/1/260},
	Journal = {\apj},
	Keywords = {Galaxy: fundamental parameters, Galaxy: halo, Galaxy: kinematics and dynamics, methods: statistical, stars: kinematics and dynamics, surveys, Astrophysics - Galaxy Astrophysics, Astrophysics - Cosmology and Extragalactic Astrophysics},
	Month = Mar,
	Pages = {260-273},
	Title = {{Constraining the Milky Way Potential with a Six-Dimensional Phase-Space Map of the GD-1 Stellar Stream}},
	Volume = {712},
	Year = 2010,
	Bdsk-Url-1 = {https://dx.doi.org/10.1088/0004-637X/712/1/260}}

@ARTICLE{malhan2019,
       author = {{Malhan}, Khyati and {Ibata}, Rodrigo A.},
        title = "{Constraining the Milky Way halo potential with the GD-1 stellar stream}",
      journal = {\mnras},
     keywords = {stars: kinematics and dynamics, Galaxy: fundamental parameters, Galaxy: halo, Galaxy: structure, dark matter, Astrophysics - Astrophysics of Galaxies},
         year = "2019",
        month = "Jul",
       volume = {486},
       number = {3},
        pages = {2995-3005},
          doi = {10.1093/mnras/stz1035},
archivePrefix = {arXiv},
       eprint = {1807.05994},
 primaryClass = {astro-ph.GA},
       adsurl = {https://ui.adsabs.harvard.edu/abs/2019MNRAS.486.2995M},
      adsnote = {Provided by the SAO/NASA Astrophysics Data System}
}

@ARTICLE{caldwell2017,
       author = {{Caldwell}, Nelson and {Walker}, Matthew G. and {Mateo}, Mario and
         {Olszewski}, Edward W. and {Koposov}, Sergey and {Belokurov}, Vasily and
         {Torrealba}, Gabriel and {Geringer-Sameth}, Alex and
         {Johnson}, Christian I.},
        title = "{Crater 2: An Extremely Cold Dark Matter Halo}",
      journal = {\apj},
     keywords = {galaxies: dwarf, galaxies: individual: Crater 2, galaxies: kinematics and dynamics, Local Group, methods: data analysis, techniques: spectroscopic, Astrophysics - Astrophysics of Galaxies},
         year = "2017",
        month = "Apr",
       volume = {839},
       number = {1},
          eid = {20},
        pages = {20},
          doi = {10.3847/1538-4357/aa688e},
archivePrefix = {arXiv},
       eprint = {1612.06398},
 primaryClass = {astro-ph.GA},
       adsurl = {https://ui.adsabs.harvard.edu/abs/2017ApJ...839...20C},
      adsnote = {Provided by the SAO/NASA Astrophysics Data System}
}

@ARTICLE{choi2016,
       author = {{Choi}, Jieun and {Dotter}, Aaron and {Conroy}, Charlie and
         {Cantiello}, Matteo and {Paxton}, Bill and {Johnson}, Benjamin D.},
        title = "{Mesa Isochrones and Stellar Tracks (MIST). I. Solar-scaled Models}",
      journal = {\apj},
     keywords = {stars: evolution, stars: general, stars: interiors, Astrophysics - Solar and Stellar Astrophysics},
         year = "2016",
        month = "Jun",
       volume = {823},
       number = {2},
          eid = {102},
        pages = {102},
          doi = {10.3847/0004-637X/823/2/102},
archivePrefix = {arXiv},
       eprint = {1604.08592},
 primaryClass = {astro-ph.SR},
       adsurl = {https://ui.adsabs.harvard.edu/abs/2016ApJ...823..102C},
      adsnote = {Provided by the SAO/NASA Astrophysics Data System}
}

@ARTICLE{willman2012,
       author = {{Willman}, B. and {Strader}, J.},
        title = "{``Galaxy,'' Defined}",
      journal = {\aj},
     keywords = {galaxies: dwarf, galaxies: kinematics and dynamics, galaxies: star clusters: general, Astrophysics - Cosmology and Nongalactic Astrophysics, Astrophysics - Astrophysics of Galaxies},
         year = "2012",
        month = "Sep",
       volume = {144},
       number = {3},
          eid = {76},
        pages = {76},
          doi = {10.1088/0004-6256/144/3/76},
archivePrefix = {arXiv},
       eprint = {1203.2608},
 primaryClass = {astro-ph.CO},
       adsurl = {https://ui.adsabs.harvard.edu/abs/2012AJ....144...76W},
      adsnote = {Provided by the SAO/NASA Astrophysics Data System}
}

@ARTICLE{grillmair2006,
       author = {{Grillmair}, C.~J. and {Dionatos}, O.},
        title = "{Detection of a 63{\textdegree} Cold Stellar Stream in the Sloan Digital Sky Survey}",
      journal = {\apjl},
     keywords = {Galaxy: Halo, Galaxy: Structure, Galaxy: Globular Clusters: General, Astrophysics},
         year = "2006",
        month = "May",
       volume = {643},
       number = {1},
        pages = {L17-L20},
          doi = {10.1086/505111},
archivePrefix = {arXiv},
       eprint = {astro-ph/0604332},
 primaryClass = {astro-ph},
       adsurl = {https://ui.adsabs.harvard.edu/abs/2006ApJ...643L..17G},
      adsnote = {Provided by the SAO/NASA Astrophysics Data System}
}




